@article{schur1911,
  title={Bemerkungen zur {T}heorie der beschr{\"a}nkten {B}ilinearformen mit unendlich vielen {V}er{\"a}nderlichen},
  author={Schur, Issai},
  journal={Journal f{\"u}r die reine und angewandte Mathematik},
  volume={140},
  pages={1--28},
  year={1911}
}

@article{kolda2009tensor,
  title={Tensor decompositions and applications},
  author={Kolda, Tamara G and Bader, Brett W},
  journal={SIAM Review},
  volume={51},
  number={3},
  pages={455--500},
  year={2009},
  publisher={SIAM}
}

@book{bocci2024hadamard,
  title={Hadamard Products of Projective Varieties},
  author={Bocci, Cristiano and Carlini, Enrico},
  year={2024},
  publisher={Springer}
}

@book{watrous2018theory,
  title={The Theory of Quantum Information},
  author={Watrous, John},
  year={2018},
  publisher={Cambridge University Press}
}

@inproceedings{srebro2005rank,
  title={Maximum-margin matrix factorization},
  author={Srebro, Nathan and Rennie, Jason and Jaakkola, Tommi S},
  booktitle={Advances in Neural Information Processing Systems},
  pages={1329--1336},
  year={2005}
}

@article{candes2011tight,
  title={Tight oracle inequalities for low-rank matrix recovery from a minimal number of noisy random measurements},
  author={Cand{\`e}s, Emmanuel J and Plan, Yaniv},
  journal={IEEE Transactions on Information Theory},
  volume={57},
  number={4},
  pages={2342--2359},
  year={2011},
  publisher={IEEE}
}

@online{mathoverflow2024,
  title={Hadamard product decomposition with lower rank matrices},
  author={MathOverflow Contributors},
  year={2024},
  url={https://mathoverflow.net/questions/469815/},
  note={Accessed: 2024}
}

@article{smale1986newton,
  title={Newton's method estimates from data at one point},
  author={Smale, Steve},
  journal={The Merging of Disciplines: New Directions in Pure, Applied, and Computational Mathematics},
  pages={185--196},
  year={1986},
  publisher={Springer}
}

@article{hastad1990tensor,
  title={Tensor rank is {NP}-complete},
  author={H{\aa}stad, Johan},
  journal={Journal of Algorithms},
  volume={11},
  number={4},
  pages={644--654},
  year={1990},
  publisher={Elsevier}
}

@book{landsberg2012tensors,
  title={Tensors: Geometry and Applications},
  author={Landsberg, Joseph M},
  year={2012},
  publisher={American Mathematical Society}
}

@article{oneto2023hadamard,
  title={The {H}adamard-{H}itchcock decompositions: identifiability and computation},
  author={Oneto, Anna and Vannieuwenhoven, Nick},
  journal={arXiv preprint arXiv:2303.12531},
  year={2023}
}

@article{ciaperoni2024hadamard,
  title={The {H}adamard decomposition problem},
  author={Ciaperoni, Martino and others},
  journal={Data Mining and Knowledge Discovery},
  volume={38},
  pages={2024},
  year={2024},
  publisher={Springer}
}